@Article{Kyeong2022,
  author={Kyeong, Seulki and Feng, Jirou and Ryu, Jae Kwan and Park, Jung Jae and Lee, Kyeong Ha and Kim, Jung},
  title={Surface Electromyography Characteristics for Motion Intention Recognition and Implementation Issues in Lower-limb Exoskeletons},
  journal={International Journal of Control, Automation and Systems},
  year={2022},
  volume={20},
  number={3},
  pages={1018-1028},
  doi={10.1007/s12555-020-0934-3},
  url={https://doi.org/10.1007/s12555-020-0934-3},
  issn={2005-4092}
}

@Article{zhai2017self,
  title={Self-recalibrating surface EMG pattern recognition for neuroprosthesis control based on convolutional neural network},
  author={Zhai, Xiaolong and Jelfs, Beth and Chan, Rosa HM and Tin, Chung},
  journal={Frontiers in neuroscience},
  volume={11},
  pages={379},
  year={2017},
  publisher={Frontiers Media SA}
}

@Article{Tsotsos2001,
  author={Tsotsos, John K.},
  title={Motion Understanding: Task-Directed Attention and Representations that Link Perception with Action},
  journal={International Journal of Computer Vision},
  year={2001},
  volume={45},
  number={3},
  pages={265-280},
  doi={10.1023/A:1013666302043},
  issn={1573-1405}
}

@InProceedings{AggarwalCai1999,
  author={Aggarwal, J.K. and Cai, Q.},
  booktitle={Proceedings IEEE Nonrigid and Articulated Motion Workshop},
  title={Human Motion Analysis: A Review},
  year={1997},
  pages={90-102},
  doi={10.1109/NAMW.1997.609859}
}

@Article{
    Albright1995,
    author = {T D Albright  and G R Stoner},
    title = {Visual motion perception},
    journal = {Proceedings of the National Academy of Sciences},
    volume = {92},
    number = {7},
    pages = {2433-2440},
    year = {1995},
    doi = {10.1073/pnas.92.7.2433},
    url = {https://www.pnas.org/doi/abs/10.1073/pnas.92.7.2433},
    eprint = {https://www.pnas.org/doi/pdf/10.1073/pnas.92.7.2433}
}

@Article{Cavanagh2001,
    title = {Attention-based visual routines: sprites},
    author = {Patrick Cavanagh and Anna T Labianca and Ian M Thornton},
    journal = {Cognition},
    volume = {80},
    number = {1-2},
    pages = {47--60},
    year = {2001},
    doi = {10.1016/s0010-0277(00)00153-0},
    PMID = {11245839}
}

@InProceedings{jiang2022picoscenes,
  author = {Jiang, Zhiping and Luan, Tom H. and Ren, Xincheng and Lv, Dongtao and Hao, Han and Wang, Jing and Zhao, Kun and Xi, Wei and Xu, Yueshen and Li, Rui},
  booktitle = {IEEE Internet of Things Journal},
  title = {Eliminating the Barriers: Demystifying {Wi-Fi} Baseband Design and Introducing the PicoScenes {Wi-Fi} Sensing Platform},
  year = {2022},
  volume = {9},
  number = {6},
  pages = {4476--4496},
  doi = {10.1109/JIOT.2021.3104666}
}

@Article{Atzori2014,
  author = {Atzori, Manfredo and Gijsberts, Arjan and Castellini, Claudio and Caputo, Barbara and Hager, Anne-Gabrielle Mittaz and Elsig, Simone and Giatsidis, Giorgio and Bassetto, Franco and MÃ¼ller, Henning},
  title = {Electromyography data for non-invasive naturally-controlled robotic hand prostheses},
  journal = {Scientific Data},
  volume = {1},
  number = {1},
  pages = {140053},
  year = {2014},
  issn = {2052-4463},
  doi = {10.1038/sdata.2014.53},
  url = {https://doi.org/10.1038/sdata.2014.53}
}

@InProceedings{wang2016wifi,
  author    = {Wang, Wei and Liu, Alex X. and Shahzad, Muhammad},
  title     = {Gait Recognition Using {WiFi} Signals},
  year      = {2016},
  isbn      = {9781450344616},
  publisher = {Association for Computing Machinery},
  address   = {New York, NY, USA},
  url       = {https://doi.org/10.1145/2971648.2971670},
  doi       = {10.1145/2971648.2971670},
  booktitle = {Proceedings of the 2016 ACM International Joint Conference on Pervasive and Ubiquitous Computing},
  pages     = {363-373},
  numpages  = {11},
  keywords  = {Device-free sensing, gait recognition},
  location  = {Heidelberg, Germany},
  series    = {UbiComp '16},
}

@Article{al-timemy2016classification,
  author  = {Al-Timemy, Ali H and Bugmann, Guido and Escudero, Javier and Outram, Nicholas},
  title   = {Classification of Finger Movements for the Dexterous Hand Prosthesis Control with Surface Electromyography},
  journal = {IEEE Journal of Biomedical and Health Informatics},
  volume  = {17},
  number  = {3},
  pages   = {608-618},
  year    = {2016},
}

@Article{tomar2006converting,
  author    = {Tomar, Suramya},
  title     = {Converting Video Formats with FFmpeg},
  journal   = {Linux Journal},
  volume    = {2006},
  number    = {146},
  pages     = {10},
  year      = {2006},
  publisher = {Belltown Media},
}

@Article{palipana2018falldefi,
  author    = {Palipana, Sameera and Rojas, David and Agrawal, Piyush and Pesch, Dirk},
  title     = {{FallDeFi}: Ubiquitous Fall Detection Using Commodity {Wi-Fi} Devices},
  year      = {2018},
  issue_date= {December 2017},
  publisher = {Association for Computing Machinery},
  address   = {New York, NY, USA},
  volume    = {1},
  number    = {4},
  url       = {https://doi.org/10.1145/3161183},
  doi       = {10.1145/3161183},
  abstract  = {},
  journal   = {Proc. ACM Interact. Mob. Wearable Ubiquitous Technol.},
  month     = {1},
  Articleno = {155},
  numpages  = {25},
  keywords  = {Activity recognition, Wi-Fi, Feature extraction, Device-free},
}

@incollection{phinyomark2018usefulness,
  author = {Angkoon Phinyomark and Sirinee Thongpanja and Huosheng Hu and Pornchai Phukpattaranont and Chusak Limsakul},
  title = {The Usefulness of Mean and Median Frequencies in Electromyography Analysis},
  booktitle = {Computational Intelligence in Electromyography Analysis},
  publisher = {IntechOpen},
  address = {Rijeka},
  year = {2012},
  editor = {Ganesh R. Naik},
  chapter = {8},
  doi = {10.5772/50639},
  url = {https://doi.org/10.5772/50639}
}

@InProceedings{tran2015deep,
  author = {D. Tran and L. Bourdev and R. Fergus and L. Torresani and M. Paluri},
  booktitle = {2015 IEEE International Conference on Computer Vision (ICCV)},
  title = {Learning Spatiotemporal Features with 3D Convolutional Networks},
  year = {2015},
  volume = {},
  issn = {2380-7504},
  pages = {4489-4497},
  doi = {10.1109/ICCV.2015.510},
  url = {https://doi.ieeecomputersociety.org/10.1109/ICCV.2015.510},
  publisher = {IEEE Computer Society},
  address = {Los Alamitos, CA, USA},
  month = {12},
  keywords = {three-dimensional displays;convolution;kernel;feature extraction;solid modeling;streaming media;training}
}

@Article{lugaresi2019mediapipe,
  author    = {Camillo Lugaresi and
               Jiuqiang Tang and
               Hadon Nash and
               Chris McClanahan and
               Esha Uboweja and
               Michael Hays and
               Fan Zhang and
               Chuo{-}Ling Chang and
               Ming Guang Yong and
               Juhyun Lee and
               Wan{-}Teh Chang and
               Wei Hua and
               Manfred Georg and
               Matthias Grundmann},
  title     = {MediaPipe: {A} Framework for Building Perception Pipelines},
  journal   = {CoRR},
  volume    = {abs/1906.08172},
  year      = {2019},
  url       = {http://arxiv.org/abs/1906.08172},
  eprinttype = {arXiv},
  eprint    = {1906.08172},
  timestamp = {Mon, 24 Jun 2019 17:28:45 +0200},
  biburl    = {https://dblp.org/rec/journals/corr/abs-1906-08172.bib},
  bibsource = {dblp computer science bibliography, https://dblp.org}
}

@Article{tuncer2020surface,
  title = {Surface EMG signal classification using ternary pattern and discrete wavelet transform based feature extraction for hand movement recognition},
  journal = {Biomedical Signal Processing and Control},
  volume = {58},
  pages = {101872},
  year = {2020},
  issn = {1746-8094},
  doi = {https://doi.org/10.1016/j.bspc.2020.101872},
  url = {https://www.sciencedirect.com/science/Article/pii/S1746809420300288},
  author = {Turker Tuncer and Sengul Dogan and Abdulhamit Subasi},
  keywords = {Electromyography (EMG), Ternary pattern, Discrete wavelet transform, Feature extraction network, Hand movement recognition}
}

@Article{karedal2007measurement,
  author = {Karedal, Johan and Wyne, Shurjeel and Almers, Peter and Tufvesson, Fredrik and Molisch, Andreas F.},
  journal = {IEEE Transactions on Wireless Communications},
  title = {A Measurement-Based Statistical Model for Industrial Ultra-Wideband Channels},
  year = {2007},
  volume = {6},
  number = {8},
  pages = {3028-3037},
  doi = {10.1109/TWC.2007.051050}
}

@Misc{ossmann2018hackrf,
  title = {Hack{RF} {O}ne},
  author = {Ossmann, Michael},
  howpublished = {https://greatscottgadgets.com/hackrf/},
  year = {2018}
}

@InProceedings{adib20143d,
  title={3{D} tracking via body radio reflections},
  author={Adib, Fadel and Kabelac, Zach and Katabi, Dina and Miller, Robert C},
  booktitle={11th $\{$USENIX$\}$ Symposium on Networked Systems Design and Implementation ($\{$NSDI$\}$ 14)},
  pages={317--329},
  year={2014}
}

@InProceedings{adib2013see,
  title={See through walls with {WiFi}!},
  author={Adib, Fadel and Katabi, Dina},
  booktitle={Proceedings of the ACM SIGCOMM 2013 conference on SIGCOMM},
  pages={75--86},
  year={2013}
}

@InProceedings{pu2013whole,
  title={Whole-home gesture recognition using wireless signals},
  author={Pu, Qifan and Gupta, Sidhant and Gollakota, Shyamnath and Patel, Shwetak},
  booktitle={Proceedings of the 19th annual international conference on Mobile computing \& networking},
  pages={27--38},
  year={2013}
}

@InProceedings{abdelnasser2015wigest,
  author={Abdelnasser, Heba and Youssef, Moustafa and Harras, Khaled A.},
  booktitle={2015 IEEE Conference on Computer Communications (INFOCOM)}, 
  title={WiGest: A ubiquitous {WiFi}-based gesture recognition system}, 
  year={2015},
  volume={},
  number={},
  pages={1472-1480},
  doi={10.1109/INFOCOM.2015.7218525}}

@InProceedings{wang2017phasebeat,
  title={{PhaseBeat}: Exploiting CSI phase data for vital sign monitoring with commodity {WiFi} devices},
  author={Wang, Xuyu and Yang, Chao and Mao, Shiwen},
  booktitle={2017 IEEE 37th International Conference on Distributed Computing Systems (ICDCS)},
  pages={1230--1239},
  year={2017},
  organization={IEEE}
}

@InProceedings{wang2017cifi,
  title={{CiFi}: Deep convolutional neural networks for indoor localization with 5 GHz {Wi-Fi}},
  author={Wang, Xuyu and Wang, Xiangyu and Mao, Shiwen},
  booktitle={2017 IEEE International Conference on Communications (ICC)},
  pages={1--6},
  year={2017},
  organization={IEEE}
}

@InProceedings{li2016wifinger,
  title={WiFinger: Talk to your smart devices with finger-grained gesture},
  author={Li, Hong and Yang, Wei and Wang, Jianxin and Xu, Yang and Huang, Liusheng},
  booktitle={Proceedings of the 2016 ACM International Joint Conference on Pervasive and Ubiquitous Computing},
  pages={250--261},
  year={2016}
}

@Article{wang2016wifall,
  title={Wifall: Device-free fall detection by wireless networks},
  author={Wang, Yuxi and Wu, Kaishun and Ni, Lionel M},
  journal={IEEE Transactions on Mobile Computing},
  volume={16},
  number={2},
  pages={581--594},
  year={2016},
  publisher={IEEE}
}

@InProceedings{wang2014wihear,
author = {Wang, Guanhua and Zou, Yongpan and Zhou, Zimu and Wu, Kaishun and Ni, Lionel M.},
title = {We Can Hear You with {Wi-Fi}!},
year = {2014},
isbn = {9781450327831},
publisher = {Association for Computing Machinery},
address = {New York, NY, USA},
url = {https://doi.org/10.1145/2639108.2639112},
doi = {10.1145/2639108.2639112},
booktitle = {Proceedings of the 20th Annual International Conference on Mobile Computing and Networking},
pages = {593â604},
numpages = {12},
keywords = {interference cancelation, wi-fi radar, micro-motion detection, moving pattern recognition},
location = {Maui, Hawaii, USA},
series = {MobiCom '14}
}

@Article{phinyomark2012feature,
  title={Feature reduction and selection for EMG signal classification},
  author={Phinyomark, Angkoon and Phukpattaranont, Pornchai and Limsakul, Chusak},
  journal={Expert systems with applications},
  volume={39},
  number={8},
  pages={7420--7431},
  year={2012},
  publisher={Elsevier}
}

@Article{ortiz2014osseointegrated,
  title={An osseointegrated human-machine gateway for long-term sensory feedback and motor control of artificial limbs},
  author={Ortiz-Catalan, Max and H{\aa}kansson, Bo and Br{\aa}nemark, Rickard},
  journal={Science translational medicine},
  volume={6},
  number={257},
  pages={257re6--257re6},
  year={2014},
  publisher={American Association for the Advancement of Science}
}

@Article{parker2006myoelectric,
  title={Myoelectric signal processing for control of powered limb prostheses},
  author={Parker, P and Englehart, K and Hudgins, Bernard},
  journal={Journal of electromyography and kinesiology},
  volume={16},
  number={6},
  pages={541--548},
  year={2006},
  publisher={Elsevier}
}

@Article{zecca2002control,
  title={Control of multifunctional prosthetic hands by processing the electromyographic signal},
  author={Zecca, Micera and Micera, Silvestro and Carrozza, Maria C and Dario, Paolo},
  journal={Critical Reviewsâ¢ in Biomedical Engineering},
  volume={30},
  number={4-6},
  year={2002},
  publisher={Begel House Inc.}
}

@Article{hargrove2008training,
  title={A training strategy to reduce classification degradation due to electrode displacements in pattern recognition based myoelectric control},
  author={Hargrove, Levi and Englehart, Kevin and Hudgins, Bernard},
  journal={Biomedical signal processing and control},
  volume={3},
  number={2},
  pages={175--180},
  year={2008},
  publisher={Elsevier}
}

@Article{englehart1999classification,
  title={Classification of the myoelectric signal using time-frequency based representations},
  author={Englehart, Kevin and Hudgins, Bernard and Parker, Philip A and Stevenson, Maryhelen},
  journal={Medical engineering \& physics},
  volume={21},
  number={6-7},
  pages={431--438},
  year={1999},
  publisher={Elsevier}
}

@Article{castellini2009surface,
  title={Surface EMG in advanced hand prosthetics},
  author={Castellini, Claudio and Van Der Smagt, Patrick},
  journal={Biological cybernetics},
  volume={100},
  pages={35--47},
  year={2009},
  publisher={Springer}
}

@InProceedings{diener2015direct,
  title={Direct conversion from facial myoelectric signals to speech using deep neural networks},
  author={Diener, Lorenz and Janke, Matthias and Schultz, Tanja},
  booktitle={2015 International Joint Conference on Neural Networks (IJCNN)},
  pages={1--7},
  year={2015},
  organization={IEEE}
}

@Article{geng2016gesture,
  title={Gesture recognition by instantaneous surface EMG images},
  author={Geng, Weidong and Du, Yu and Jin, Wenguang and Wei, Wentao and Hu, Yu and Li, Jiajun},
  journal={Scientific reports},
  volume={6},
  number={1},
  pages={36571},
  year={2016},
  publisher={Nature Publishing Group UK London}
}

@Article{du2017surface,
  title={Surface EMG-based inter-session gesture recognition enhanced by deep domain adaptation},
  author={Du, Yu and Jin, Wenguang and Wei, Wentao and Hu, Yu and Geng, Weidong},
  journal={Sensors},
  volume={17},
  number={3},
  pages={458},
  year={2017},
  publisher={MDPI}
}

@Article{radmand2016high,
  title={High-density force myography: A possible alternative for upper-limb prosthetic control.},
  author={Radmand, Ashkan and Scheme, Erik and Englehart, Kevin},
  journal={Journal of Rehabilitation Research \& Development},
  volume={53},
  number={4},
  year={2016}
}

@InProceedings{lucas1981iterative,
  title={An iterative image registration technique with an application to stereo vision},
  author={Lucas, Bruce D and Kanade, Takeo},
  booktitle={IJCAI'81: 7th international joint conference on Artificial intelligence},
  volume={2},
  pages={674--679},
  year={1981}
}

@Article{horn1981determining,
  title={Determining optical flow},
  author={Horn, Berthold KP and Schunck, Brian G},
  journal={Artificial intelligence},
  volume={17},
  number={1-3},
  pages={185--203},
  year={1981},
  publisher={Elsevier}
}

@InProceedings{shotton2011real,
  title={Real-time human pose recognition in parts from single depth images},
  author={Shotton, Jamie and Fitzgibbon, Andrew and Cook, Mat and Sharp, Toby and Finocchio, Mark and Moore, Richard and Kipman, Alex and Blake, Andrew},
  booktitle={CVPR 2011},
  pages={1297--1304},
  year={2011},
  organization={IEEE}
}

@Article{krizhevsky2017imagenet,
  title={Imagenet classification with deep convolutional neural networks},
  author={Krizhevsky, Alex and Sutskever, Ilya and Hinton, Geoffrey E},
  journal={Communications of the ACM},
  volume={60},
  number={6},
  pages={84--90},
  year={2017},
  publisher={AcM New York, NY, USA}
}

@Article{ji20123d,
  title={3D convolutional neural networks for human action recognition},
  author={Ji, Shuiwang and Xu, Wei and Yang, Ming and Yu, Kai},
  journal={IEEE transactions on pattern analysis and machine intelligence},
  volume={35},
  number={1},
  pages={221--231},
  year={2012},
  publisher={IEEE}
}

@Article{simonyan2014two,
  title={Two-stream convolutional networks for action recognition in videos},
  author={Simonyan, Karen and Zisserman, Andrew},
  journal={Advances in neural information processing systems},
  volume={27},
  year={2014}
}

@InProceedings{yang2012eigenjoints,
  title={Eigenjoints-based action recognition using naive-bayes-nearest-neighbor},
  author={Yang, Xiaodong and Tian, Ying Li},
  booktitle={2012 IEEE computer society conference on computer vision and pattern recognition workshops},
  pages={14--19},
  year={2012},
  organization={IEEE}
}

@InProceedings{wang2012mining,
  title={Mining actionlet ensemble for action recognition with depth cameras},
  author={Wang, Jiang and Liu, Zicheng and Wu, Ying and Yuan, Junsong},
  booktitle={2012 IEEE conference on computer vision and pattern recognition},
  pages={1290--1297},
  year={2012},
  organization={IEEE}
}

@InProceedings{song2017end,
  title={An end-to-end spatio-temporal attention model for human action recognition from skeleton data},
  author={Song, Sijie and Lan, Cuiling and Xing, Junliang and Zeng, Wenjun and Liu, Jiaying},
  booktitle={Proceedings of the AAAI conference on artificial intelligence},
  volume={31},
  number={1},
  year={2017}
}

@Article{graves2012long,
  title={Long short-term memory},
  author={Graves, Alex and Graves, Alex},
  journal={Supervised sequence labelling with recurrent neural networks},
  pages={37--45},
  year={2012},
  publisher={Springer}
}

@Article{cho2014learning,
  title={Learning phrase representations using RNN encoder-decoder for statistical machine translation},
  author={Cho, Kyunghyun and Van Merri{\"e}nboer, Bart and Gulcehre, Caglar and Bahdanau, Dzmitry and Bougares, Fethi and Schwenk, Holger and Bengio, Yoshua},
  journal={arXiv preprint arXiv:1406.1078},
  year={2014}
}

@InProceedings{donahue2015long,
  title={Long-term recurrent convolutional networks for visual recognition and description},
  author={Donahue, Jeffrey and Anne Hendricks, Lisa and Guadarrama, Sergio and Rohrbach, Marcus and Venugopalan, Subhashini and Saenko, Kate and Darrell, Trevor},
  booktitle={Proceedings of the IEEE conference on computer vision and pattern recognition},
  pages={2625--2634},
  year={2015}
}

@article{hu2021unit,
  author    = {Ronghang Hu and
               Amanpreet Singh},
  title     = {Transformer is All You Need: Multimodal Multitask Learning with a
               Unified Transformer},
  journal   = {CoRR},
  volume    = {abs/2102.10772},
  year      = {2021},
  url       = {https://arxiv.org/abs/2102.10772},
  eprinttype = {arXiv},
  eprint    = {2102.10772},
  timestamp = {Wed, 24 Feb 2021 15:42:45 +0100},
  biburl    = {https://dblp.org/rec/journals/corr/abs-2102-10772.bib},
  bibsource = {dblp computer science bibliography, https://dblp.org}
}